@ELECTRONIC{hyperrefReadme,
  author = {Heiko Oberdiek, Sebastian Rahtz},
  month = {3},
  year = {2010},
  title = {README for hyperref bundle},
  url = {http://www.tug.org/applications/hyperref/ftp/README},
  owner = {alexander},
  timestamp = {2010.07.21}
}

@ELECTRONIC{HyperTextMarks,
  author = {Sebastian Rahtz, Heiko Oberdiek},
  month = {1},
  year = {2010},
  title = {Hypertext marks in LaTeX: a manual for hyperref},
  url = {http://theory.uwinnipeg.ca/localfiles/infofiles/teTeX/latex/hyperref/manual.pdf},
  owner = {alexander},
  timestamp = {2010.07.21}
}